@article{kannan2018adversarial,
  title={Adversarial logit pairing},
  author={Kannan, Harini and Kurakin, Alexey and Goodfellow, Ian},
  journal={arXiv preprint arXiv:1803.06373},
  year={2018}
}

@inproceedings{na2017cascade,
  title={Cascade adversarial machine learning regularized with a unified embedding},
  author={Na, Taesik and Ko, Jong Hwan and Mukhopadhyay, Saibal},
  booktitle={ICLR},
  year={2018}
}

@inproceedings{song2018improving,
  title={Improving the Generalization of Adversarial Training with Domain Adaptation},
  author={Song, Chuanbiao and He, Kun and Wang, Liwei and Hopcroft, John E},
  booktitle={ICLR},
  year={2019}
}

@article{lassance2018laplacian,
  title={Laplacian Networks: Bounding Indicator Function Smoothness for Neural Networks Robustness},
  author={Lassance, Carlos Eduardo Rosar Kos and Gripon, Vincent and Ortega, Antonio},
  year={2018}
}

@article{belkin2003laplacian,
  title={Laplacian eigenmaps for dimensionality reduction and data representation},
  author={Belkin, Mikhail and Niyogi, Partha},
  journal={Neural computation},
  volume={15},
  number={6},
  pages={1373--1396},
  year={2003},
  publisher={MIT Press}
}
