%# -*- coding: utf-8-unix -*-

@proc{test,
  author = {Lue, Tao and Jun, Zhu and Wang, Guan},
  title = {Self-Attention Network[A]},
  note = {In: NIPS[C]},
  publisher = {New York: ACM},
  year = {2020}
}

@inproceedings{krizhevsky2012imagenet,
  title={Imagenet classification with deep convolutional neural networks},
  author={Krizhevsky, Alex and Sutskever, Ilya and Hinton, Geoffrey E},
  booktitle={Advances in neural information processing systems},
  pages={1097--1105},
  year={2012}
}

@inproceedings{redmon2016you,
  title={You only look once: Unified, real-time object detection},
  author={Redmon, Joseph and Divvala, Santosh and Girshick, Ross and Farhadi, Ali},
  booktitle={the IEEE conference on computer vision and pattern recognition},
  pages={779--788},
  year={2016}
}

@article{saon2015ibm,
  title={The IBM 2015 English conversational telephone speech recognition system},
  author={Saon, George and Kuo, Hong-Kwang J and Rennie, Steven and Picheny, Michael},
  journal={arXiv preprint},
  pages={arXiv:1505.05899},
  year={2015}
}

@inproceedings{sutskever2014sequence,
  title={Sequence to sequence learning with neural networks},
  author={Sutskever, Ilya and Vinyals, Oriol and Le, Quoc V},
  booktitle={Advances in neural information processing systems},
  pages={3104--3112},
  year={2014}
}

@inproceedings{thomax2017semisupervised,
title={Semi-Supervised Classification with Graph Convolutional Networks},
author={Kipf, Thomas N and Welling, Max},
booktitle={International Conference on Learning Representations},
year={2017},
url={https://openreview.net/forum?id=SJU4ayYgl},
}

@inproceedings{goodfellow2014explaining,
title={Explaining and harnessing adversarial examples},
author={Goodfellow, Ian J and Shlens, Jonathon and Szegedy, Christian},
booktitle={International Conference on Learning Representations},
year={2015}
}

@inproceedings{saxe2015deep,
  title={Deep neural network based malware detection using two dimensional binary program features},
  author={Saxe, Joshua and Berlin, Konstantin},
  booktitle={2015 10th International Conference on Malicious and Unwanted Software (MALWARE)},
  pages={11--20},
  year={2015},
  organization={IEEE}
}

@article{szegedy2013intriguing,
  title={Intriguing properties of neural networks},
  author={Szegedy, Christian and Zaremba, Wojciech and Sutskever, Ilya and Bruna, Joan and Erhan, Dumitru and Goodfellow, Ian and Fergus, Rob},
  journal={arXiv preprint},
  pages={arXiv:1312.6199},
  year={2013}
}

@article{kurakin2016adversarial,
  title={Adversarial examples in the physical world},
  author={Kurakin, Alexey and Goodfellow, Ian and Bengio, Samy},
  journal={arXiv preprint},
  pages={arXiv:1607.02533},
  year={2016}
}

@InProceedings{Eykholt_2018_CVPR,
  author = {Eykholt, Kevin and Evtimov, Ivan and Fernandes, Earlence and Li, Bo and Rahmati, Amir and Xiao, Chaowei and Prakash, Atul and Kohno, Tadayoshi and Song, Dawn},
  title = {Robust Physical-World Attacks on Deep Learning Visual Classification},
  booktitle = {the IEEE Conference on Computer Vision and Pattern Recognition (CVPR)},
  month = {June},
  year = {2018}
}

@inproceedings{xie2017adversarial,
  title={Adversarial examples for semantic segmentation and object detection},
  author={Xie, Cihang and Wang, Jianyu and Zhang, Zhishuai and Zhou, Yuyin and Xie, Lingxi and Yuille, Alan},
  booktitle={the IEEE International Conference on Computer Vision},
  pages={1369--1378},
  year={2017}
}

@inproceedings{carlini2016hidden,
  title={Hidden voice commands},
  author={Carlini, Nicholas and Mishra, Pratyush and Vaidya, Tavish and Zhang, Yuankai and Sherr, Micah and Shields, Clay and Wagner, David and Zhou, Wenchao},
  booktitle={25th $\{$USENIX$\}$ Security Symposium ($\{$USENIX$\}$ Security 16)},
  pages={513--530},
  year={2016}
}

@inproceedings{zhang2017dolphinattack,
  title={Dolphinattack: Inaudible voice commands},
  author={Zhang, Guoming and Yan, Chen and Ji, Xiaoyu and Zhang, Tianchen and Zhang, Taimin and Xu, Wenyuan},
  booktitle={the 2017 ACM SIGSAC Conference on Computer and Communications Security},
  pages={103--117},
  year={2017},
  organization={ACM}
}

@article{gu2014towards,
  title={Towards deep neural network architectures robust to adversarial examples},
  author={Gu, Shixiang and Rigazio, Luca},
  journal={arXiv preprint},
  pages={arXiv:1412.5068},
  year={2014}
}

@inproceedings{madry2018towards,
title={Towards Deep Learning Models Resistant to Adversarial Attacks},
author={Aleksander Madry and Aleksandar Makelov and Ludwig Schmidt and Dimitris Tsipras and Adrian Vladu},
booktitle={International Conference on Learning Representations},
year={2018},
url={https://openreview.net/forum?id=rJzIBfZAb},
}

@inproceedings{papernot2016distillation,
  title={Distillation as a defense to adversarial perturbations against deep neural networks},
  author={Papernot, Nicolas and McDaniel, Patrick and Wu, Xi and Jha, Somesh and Swami, Ananthram},
  booktitle={2016 IEEE Symposium on Security and Privacy (SP)},
  pages={582--597},
  year={2016},
  organization={IEEE}
}

@inproceedings{rozsa2016adversarial,
  title={Adversarial diversity and hard positive generation},
  author={Rozsa, Andras and Rudd, Ethan M and Boult, Terrance E},
  booktitle={the IEEE Conference on Computer Vision and Pattern Recognition Workshops},
  pages={25--32},
  year={2016}
}

@inproceedings{zheng2016improving,
  title={Improving the robustness of deep neural networks via stability training},
  author={Zheng, Stephan and Song, Yang and Leung, Thomas and Goodfellow, Ian},
  booktitle={the IEEE Conference on Computer Vision and Pattern Recognition},
  pages={4480--4488},
  year={2016}
}

@inproceedings{carlini2017towards,
  title={Towards evaluating the robustness of neural networks},
  author={Carlini, Nicholas and Wagner, David},
  booktitle={2017 IEEE Symposium on Security and Privacy (SP)},
  pages={39--57},
  year={2017},
  organization={IEEE}
}

@inproceedings{raghunathan2018certified,
  title={Certified Defenses against Adversarial Examples },
  author={Aditi Raghunathan and Jacob Steinhardt and Percy Liang},
  booktitle={International Conference on Learning Representations},
  year={2018},
  url={https://openreview.net/forum?id=Bys4ob-Rb},
}

@InProceedings{pmlr-v80-wong18a,
  title = 	 {Provable Defenses against Adversarial Examples via the Convex Outer Adversarial Polytope},
  author = 	 {Wong, Eric and Kolter, Zico},
  booktitle = 	 {the 35th International Conference on Machine Learning},
  pages = 	 {5286--5295},
  year = 	 {2018},
  editor = 	 {Dy, Jennifer and Krause, Andreas},
  volume = 	 {80},
  series = 	 {Proceedings of Machine Learning Research},
  address = 	 {Stockholmsm√§ssan, Stockholm Sweden},
  month = 	 {10--15 Jul},
  publisher = 	 {PMLR},
  pdf = 	 {http://proceedings.mlr.press/v80/wong18a/wong18a.pdf},
  url = 	 {http://proceedings.mlr.press/v80/wong18a.html},
}

@inproceedings{wong2018scaling,
  title={Scaling provable adversarial defenses},
  author={Wong, Eric and Schmidt, Frank and Metzen, Jan Hendrik and Kolter, J Zico},
  booktitle={Advances in Neural Information Processing Systems},
  pages={8400--8409},
  year={2018}
}

@article{grosse2017statistical,
  title={On the (statistical) detection of adversarial examples},
  author={Grosse, Kathrin and Manoharan, Praveen and Papernot, Nicolas and Backes, Michael and McDaniel, Patrick},
  journal={arXiv preprint},
  pages={arXiv:1702.06280},
  year={2017}
}

@article{gong2017adversarial,
  title={Adversarial and clean data are not twins},
  author={Gong, Zhitao and Wang, Wenlu and Ku, Wei-Shinn},
  journal={arXiv preprint},
  pages={arXiv:1704.04960},
  year={2017}
}

@inproceedings{metzen2017detecting,
  title={On detecting adversarial perturbations},
  author={Metzen, Jan Hendrik and Genewein, Tim and Fischer, Volker and Bischoff, Bastian},
  booktitle={International Conference on Learning Representations},
  year={2017},
  url={https://openreview.net/forum?id=SJzCSf9xg},
}

@inproceedings{li2017adversarial,
  title={Adversarial examples detection in deep networks with convolutional filter statistics},
  author={Li, Xin and Li, Fuxin},
  booktitle={the IEEE International Conference on Computer Vision},
  pages={5764--5772},
  year={2017}
}

@article{feinman2017detecting,
  title={Detecting adversarial samples from artifacts},
  author={Feinman, Reuben and Curtin, Ryan R and Shintre, Saurabh and Gardner, Andrew B},
  journal={arXiv preprint},
  pages={arXiv:1703.00410},
  year={2017}
}

@inproceedings{carlini2017adversarial,
  title={Adversarial examples are not easily detected: Bypassing ten detection methods},
  author={Carlini, Nicholas and Wagner, David},
  booktitle={the 10th ACM Workshop on Artificial Intelligence and Security},
  pages={3--14},
  year={2017},
  organization={ACM}
}

@inproceedings{schmidt2018adversarially,
  title={Adversarially robust generalization requires more data},
  author={Schmidt, Ludwig and Santurkar, Shibani and Tsipras, Dimitris and Talwar, Kunal and Madry, Aleksander},
  booktitle={Advances in Neural Information Processing Systems},
  pages={5014--5026},
  year={2018}
}

@article{hinton2006reducing,
  title={Reducing the dimensionality of data with neural networks},
  author={Hinton, Geoffrey E and Salakhutdinov, Ruslan R},
  journal={science},
  volume={313},
  number={5786},
  pages={504--507},
  year={2006},
  publisher={American Association for the Advancement of Science}
}

@article{lecun1989backpropagation,
  title={Backpropagation applied to handwritten zip code recognition},
  author={LeCun, Yann and Boser, Bernhard and Denker, John S and Henderson, Donnie and Howard, Richard E and Hubbard, Wayne and Jackel, Lawrence D},
  journal={Neural computation},
  volume={1},
  number={4},
  pages={541--551},
  year={1989},
  publisher={MIT Press}
}

@article{hubel1962receptive,
  title={Receptive fields, binocular interaction and functional architecture in the cat's visual cortex},
  author={Hubel, David H and Wiesel, Torsten N},
  journal={The Journal of physiology},
  volume={160},
  number={1},
  pages={106--154},
  year={1962},
  publisher={Wiley Online Library}
}

@article{simonyan2014very,
  title={Very deep convolutional networks for large-scale image recognition},
  author={Simonyan, Karen and Zisserman, Andrew},
  journal={arXiv preprint},
  pages={arXiv:1409.1556},
  year={2014}
}

@inproceedings{szegedy2015going,
  title={Going deeper with convolutions},
  author={Szegedy, Christian and Liu, Wei and Jia, Yangqing and Sermanet, Pierre and Reed, Scott and Anguelov, Dragomir and Erhan, Dumitru and Vanhoucke, Vincent and Rabinovich, Andrew},
  booktitle={the IEEE conference on computer vision and pattern recognition},
  pages={1--9},
  year={2015}
}

@inproceedings{he2016deep,
  title={Deep residual learning for image recognition},
  author={He, Kaiming and Zhang, Xiangyu and Ren, Shaoqing and Sun, Jian},
  booktitle={the IEEE conference on computer vision and pattern recognition},
  pages={770--778},
  year={2016}
}

@inproceedings{hu2018squeeze,
  title={Squeeze-and-excitation networks},
  author={Hu, Jie and Shen, Li and Sun, Gang},
  booktitle={the IEEE conference on computer vision and pattern recognition},
  pages={7132--7141},
  year={2018}
}

@inproceedings{woo2018cbam,
  title={Cbam: Convolutional block attention module},
  author={Woo, Sanghyun and Park, Jongchan and Lee, Joon-Young and So Kweon, In},
  booktitle={the European Conference on Computer Vision (ECCV)},
  pages={3--19},
  year={2018}
}

@inproceedings{girshick2014rich,
  title={Rich feature hierarchies for accurate object detection and semantic segmentation},
  author={Girshick, Ross and Donahue, Jeff and Darrell, Trevor and Malik, Jitendra},
  booktitle={the IEEE conference on computer vision and pattern recognition},
  pages={580--587},
  year={2014}
}

@inproceedings{girshick2015fast,
  title={Fast r-cnn},
  author={Girshick, Ross},
  booktitle={the IEEE international conference on computer vision},
  pages={1440--1448},
  year={2015}
}

@inproceedings{ren2015faster,
  title={Faster r-cnn: Towards real-time object detection with region proposal networks},
  author={Ren, Shaoqing and He, Kaiming and Girshick, Ross and Sun, Jian},
  booktitle={Advances in neural information processing systems},
  pages={91--99},
  year={2015}
}

@inproceedings{liu2016ssd,
  title={Ssd: Single shot multibox detector},
  author={Liu, Wei and Anguelov, Dragomir and Erhan, Dumitru and Szegedy, Christian and Reed, Scott and Fu, Cheng-Yang and Berg, Alexander C},
  booktitle={European conference on computer vision},
  pages={21--37},
  year={2016},
  organization={Springer}
}

@inproceedings{redmon2017yolo9000,
  title={YOLO9000: better, faster, stronger},
  author={Redmon, Joseph and Farhadi, Ali},
  booktitle={the IEEE conference on computer vision and pattern recognition},
  pages={7263--7271},
  year={2017}
}

@article{redmon2018yolov3,
  title={Yolov3: An incremental improvement},
  author={Redmon, Joseph and Farhadi, Ali},
  journal={arXiv preprint},
  pages={arXiv:1804.02767},
  year={2018}
}

@inproceedings{lin2017feature,
  title={Feature pyramid networks for object detection},
  author={Lin, Tsung-Yi and Doll{\'a}r, Piotr and Girshick, Ross and He, Kaiming and Hariharan, Bharath and Belongie, Serge},
  booktitle={the IEEE Conference on Computer Vision and Pattern Recognition},
  pages={2117--2125},
  year={2017}
}

@inproceedings{chopra2005learning,
  title={Learning a similarity metric discriminatively, with application to face verification},
  author={Chopra, Sumit and Hadsell, Raia and LeCun, Yann and others},
  booktitle={the IEEE Conference on Computer Vision and Pattern Recognition},
  pages={539--546},
  year={2005}
}

@inproceedings{hadsell2006dimensionality,
  title={Dimensionality reduction by learning an invariant mapping},
  author={Hadsell, Raia and Chopra, Sumit and LeCun, Yann},
  booktitle={the IEEE Conference on Computer Vision and Pattern Recognition},
  volume={2},
  pages={1735--1742},
  year={2006},
  organization={IEEE}
}

@article{weinberger2009distance,
  title={Distance metric learning for large margin nearest neighbor classification},
  author={Weinberger, Kilian Q and Saul, Lawrence K},
  journal={Journal of Machine Learning Research},
  volume={10},
  number={Feb},
  pages={207--244},
  year={2009}
}

@article{chechik2010large,
  title={Large scale online learning of image similarity through ranking},
  author={Chechik, Gal and Sharma, Varun and Shalit, Uri and Bengio, Samy},
  journal={Journal of Machine Learning Research},
  volume={11},
  number={Mar},
  pages={1109--1135},
  year={2010}
}

@inproceedings{tsang2003distance,
  title={Distance metric learning with kernels},
  author={Tsang, Ivor W and Kwok, James T and Bay, C and Kong, H},
  booktitle={the International Conference on Artificial Neural Networks},
  pages={126--129},
  year={2003},
  organization={Citeseer}
}

@article{yeung2007kernel,
  title={A kernel approach for semisupervised metric learning},
  author={Yeung, Dit-Yan and Chang, Hong},
  journal={IEEE Transactions on Neural Networks},
  volume={18},
  number={1},
  pages={141--149},
  year={2007},
  publisher={IEEE}
}

@inproceedings{hu2014discriminative,
  title={Discriminative deep metric learning for face verification in the wild},
  author={Hu, Junlin and Lu, Jiwen and Tan, Yap-Peng},
  booktitle={the IEEE conference on computer vision and pattern recognition},
  pages={1875--1882},
  year={2014}
}

@inproceedings{hoffer2015deep,
  title={Deep metric learning using triplet network},
  author={Hoffer, Elad and Ailon, Nir},
  booktitle={International Workshop on Similarity-Based Pattern Recognition},
  pages={84--92},
  year={2015},
  organization={Springer}
}

@inproceedings{oh2016deep,
  title={Deep metric learning via lifted structured feature embedding},
  author={Oh Song, Hyun and Xiang, Yu and Jegelka, Stefanie and Savarese, Silvio},
  booktitle={the IEEE Conference on Computer Vision and Pattern Recognition},
  pages={4004--4012},
  year={2016}
}

@inproceedings{sohn2016improved,
  title={Improved deep metric learning with multi-class n-pair loss objective},
  author={Sohn, Kihyuk},
  booktitle={Advances in Neural Information Processing Systems},
  pages={1857--1865},
  year={2016}
}

@inproceedings{dalvi2004adversarial,
  title={Adversarial classification},
  author={Dalvi, Nilesh and Domingos, Pedro and Sanghai, Sumit and Verma, Deepak and others},
  booktitle={the tenth ACM SIGKDD international conference on Knowledge discovery and data mining},
  pages={99--108},
  year={2004},
  organization={ACM}
}

@article{biggio2010multiple,
  title={Multiple classifier systems for robust classifier design in adversarial environments},
  author={Biggio, Battista and Fumera, Giorgio and Roli, Fabio},
  journal={International Journal of Machine Learning and Cybernetics},
  volume={1},
  number={1-4},
  pages={27--41},
  year={2010},
  publisher={Springer}
}

@inproceedings{biggio2013evasion,
  title={Evasion attacks against machine learning at test time},
  author={Biggio, Battista and Corona, Igino and Maiorca, Davide and Nelson, Blaine and {\v{S}}rndi{\'c}, Nedim and Laskov, Pavel and Giacinto, Giorgio and Roli, Fabio},
  booktitle={Joint European conference on machine learning and knowledge discovery in databases},
  pages={387--402},
  year={2013},
  organization={Springer}
}

@inproceedings{roli2013pattern,
  title={Pattern recognition systems under attack},
  author={Roli, Fabio and Biggio, Battista and Fumera, Giorgio},
  booktitle={Iberoamerican Congress on Pattern Recognition},
  pages={1--8},
  year={2013},
  organization={Springer}
}

@inproceedings{moosavi2016deepfool,
  title={Deepfool: a simple and accurate method to fool deep neural networks},
  author={Moosavi-Dezfooli, Seyed-Mohsen and Fawzi, Alhussein and Frossard, Pascal},
  booktitle={the IEEE conference on computer vision and pattern recognition},
  pages={2574--2582},
  year={2016}
}

@inproceedings{chen2017zoo,
  title={Zoo: Zeroth order optimization based black-box attacks to deep neural networks without training substitute models},
  author={Chen, Pin-Yu and Zhang, Huan and Sharma, Yash and Yi, Jinfeng and Hsieh, Cho-Jui},
  booktitle={the 10th ACM Workshop on Artificial Intelligence and Security},
  pages={15--26},
  year={2017},
  organization={ACM}
}

@article{su2019one,
  title={One pixel attack for fooling deep neural networks},
  author={Su, Jiawei and Vargas, Danilo Vasconcellos and Sakurai, Kouichi},
  journal={IEEE Transactions on Evolutionary Computation},
  year={2019},
  publisher={IEEE}
}

@inproceedings{sharif2016accessorize,
  title={Accessorize to a crime: Real and stealthy attacks on state-of-the-art face recognition},
  author={Sharif, Mahmood and Bhagavatula, Sruti and Bauer, Lujo and Reiter, Michael K},
  booktitle={the 2016 ACM SIGSAC Conference on Computer and Communications Security},
  pages={1528--1540},
  year={2016},
  organization={ACM}
}

@techreport{tecent2019tesla,
  title =        {Experimental Security Research of Tesla Autopilot},
  author =       {Tencent Keen Security Lab},
  year =         2019,
  url =          {https://keenlab.tencent.com/en/whitepapers/Experimental_Security_Research_of_Tesla_Autopilot.pdf}
}

@inproceedings{jia2017adversarial,
  title={Adversarial examples for evaluating reading comprehension systems},
  author={Jia, Robin and Liang, Percy},
  booktitle={the Conference on Empirical Methods in Natural Language Processing (EMNLP)},
  year={2017},
}

@InProceedings{qin2019imperceptible,
  title = 	 {Imperceptible, Robust, and Targeted Adversarial Examples for Automatic Speech Recognition},
  author = 	 {Qin, Yao and Carlini, Nicholas and Goodfellow, Ian and Cottrell, Garrison and Raffel, Colin},
  booktitle = 	 {the 36th International Conference on Machine Learning},
  year = 	 {2019},
}

@inproceedings{lu2017safetynet,
  title={Safetynet: Detecting and rejecting adversarial examples robustly},
  author={Lu, Jiajun and Issaranon, Theerasit and Forsyth, David},
  booktitle={the IEEE International Conference on Computer Vision},
  pages={446--454},
  year={2017}
}

@inproceedings{Salimans2017pixelcnn,
title={PixelCNN++: Improving the PixelCNN with Discretized Logistic Mixture Likelihood and Other Modifications},
author={Salimans, Tim and Karpathy, Andrej and Chen, Xi and Kingma, Diederik P},
booktitle={International Conference on Learning Representations},
year={2017},
url={https://openreview.net/forum?id=BJrFC6ceg},
}

@article{song2017pixeldefend,
  title={Pixeldefend: Leveraging generative models to understand and defend against adversarial examples},
  author={Song, Yang and Kim, Taesup and Nowozin, Sebastian and Ermon, Stefano and Kushman, Nate},
  journal={arXiv preprint arXiv:1710.10766},
  year={2017}
}

@article{carlini2017magnet,
  title={Magnet and" efficient defenses against adversarial attacks" are not robust to adversarial examples},
  author={Carlini, Nicholas and Wagner, David},
  journal={arXiv preprint arXiv:1711.08478},
  year={2017}
}

@inproceedings{buckman2018thermometer,
title={Thermometer Encoding: One Hot Way To Resist Adversarial Examples},
author={Jacob Buckman and Aurko Roy and Colin Raffel and Ian Goodfellow},
booktitle={International Conference on Learning Representations},
year={2018},
url={https://openreview.net/forum?id=S18Su--CW},
}

@inproceedings{guo2018countering,
title={Countering Adversarial Images using Input Transformations},
author={Chuan Guo and Mayank Rana and Moustapha Cisse and Laurens van der Maaten},
booktitle={International Conference on Learning Representations},
year={2018},
url={https://openreview.net/forum?id=SyJ7ClWCb},
}

@inproceedings{s.2018stochastic,
title={Stochastic activation pruning for robust adversarial defense},
author={Guneet S. Dhillon and Kamyar Azizzadenesheli and Jeremy D. Bernstein and Jean Kossaifi and Aran Khanna and Zachary C. Lipton and Animashree Anandkumar},
booktitle={International Conference on Learning Representations},
year={2018},
url={https://openreview.net/forum?id=H1uR4GZRZ},
}

@inproceedings{xie2018mitigating,
title={Mitigating Adversarial Effects Through Randomization},
author={Cihang Xie and Jianyu Wang and Zhishuai Zhang and Zhou Ren and Alan Yuille},
booktitle={International Conference on Learning Representations},
year={2018},
url={https://openreview.net/forum?id=Sk9yuql0Z},
}

@inproceedings{song2018pixeldefend,
title={PixelDefend: Leveraging Generative Models to Understand and Defend against Adversarial Examples},
author={Yang Song and Taesup Kim and Sebastian Nowozin and Stefano Ermon and Nate Kushman},
booktitle={International Conference on Learning Representations},
year={2018},
url={https://openreview.net/forum?id=rJUYGxbCW},
}

@inproceedings{samangouei2018defensegan,
title={Defense-{GAN}: Protecting Classifiers Against Adversarial Attacks Using Generative Models},
author={Pouya Samangouei and Maya Kabkab and Rama Chellappa},
booktitle={International Conference on Learning Representations},
year={2018},
url={https://openreview.net/forum?id=BkJ3ibb0-},
}

@InProceedings{pmlr-v80-athalye18a,
  title = 	 {Obfuscated Gradients Give a False Sense of Security: Circumventing Defenses to Adversarial Examples},
  author = 	 {Athalye, Anish and Carlini, Nicholas and Wagner, David},
  booktitle = 	 {Proceedings of the 35th International Conference on Machine Learning},
  pages = 	 {274--283},
  year = 	 {2018},
  editor = 	 {Dy, Jennifer and Krause, Andreas},
  volume = 	 {80},
  series = 	 {Proceedings of Machine Learning Research},
  address = 	 {Stockholmsm√§ssan, Stockholm Sweden},
  month = 	 {10--15 Jul},
  publisher = 	 {PMLR},
  pdf = 	 {http://proceedings.mlr.press/v80/athalye18a/athalye18a.pdf},
  url = 	 {http://proceedings.mlr.press/v80/athalye18a.html}
}

@inproceedings{kurakin2017adversarial,
title={Adversarial machine learning at scale},
author={Kurakin, Alexey and Goodfellow, Ian and Bengio, Samy},
booktitle={International Conference on Learning Representations},
year={2017},
url={https://openreview.net/forum?id=BJm4T4Kgx},
}

@article{kannan2018adversarial,
  title={Adversarial logit pairing},
  author={Kannan, Harini and Kurakin, Alexey and Goodfellow, Ian},
  journal={arXiv preprint arXiv:1803.06373},
  year={2018}
}

@article{engstrom2018evaluating,
  title={Evaluating and understanding the robustness of adversarial logit pairing},
  author={Engstrom, Logan and Ilyas, Andrew and Athalye, Anish},
  journal={arXiv preprint arXiv:1807.10272},
  year={2018}
}

@inproceedings{song2018improving,
title={Improving the Generalization of Adversarial Training with Domain Adaptation},
author={Chuanbiao Song and Kun He and Liwei Wang and John E. Hopcroft},
booktitle={International Conference on Learning Representations},
year={2019},
url={https://openreview.net/forum?id=SyfIfnC5Ym},
}

@inproceedings{farnia2018generalizable,
title={Generalizable Adversarial Training via Spectral Normalization},
author={Farzan Farnia and Jesse Zhang and David Tse},
booktitle={International Conference on Learning Representations},
year={2019},
url={https://openreview.net/forum?id=Hyx4knR9Ym},
}

@article{borgwardt2006integrating,
  title={Integrating structured biological data by kernel maximum mean discrepancy},
  author={Borgwardt, Karsten M and Gretton, Arthur and Rasch, Malte J and Kriegel, Hans-Peter and Sch{\"o}lkopf, Bernhard and Smola, Alex J},
  journal={Bioinformatics},
  volume={22},
  number={14},
  pages={e49--e57},
  year={2006},
  publisher={Oxford University Press}
}

@inproceedings{sun2016deep,
  title={Deep coral: Correlation alignment for deep domain adaptation},
  author={Sun, Baochen and Saenko, Kate},
  booktitle={European Conference on Computer Vision},
  pages={443--450},
  year={2016},
  organization={Springer}
}

@article{belkin2006manifold,
  title={Manifold regularization: A geometric framework for learning from labeled and unlabeled examples},
  author={Belkin, Mikhail and Niyogi, Partha and Sindhwani, Vikas},
  journal={Journal of machine learning research},
  volume={7},
  number={Nov},
  pages={2399--2434},
  year={2006}
}

@article{lecun1998mnist,
  title={The MNIST database of handwritten digits},
  author={LeCun, Yann},
  journal={http://yann. lecun. com/exdb/mnist/},
  year={1998}
}

@inproceedings{netzer2011reading,
  title={Reading digits in natural images with unsupervised feature learning},
  author={Netzer, Yuval and Wang, Tao and Coates, Adam and Bissacco, Alessandro and Wu, Bo and Ng, Andrew Y},
  booktitle={NIPS Workshop on Deep Learning and Unsupervised Feature Learning},
  year={2011},
  url={http://ufldl.stanford. edu/housenumbers/}
}

@techreport{krizhevsky2009learning,
  title={Learning multiple layers of features from tiny images},
  author={Krizhevsky, Alex and Hinton, Geoffrey},
  year={2009},
  institution={Citeseer}
}

